@article{khan2020headpose,
  author    = {Khan K, Mauro M and Migliorati P, Leonardi R.},
  title     = {Head pose estimation through multi-class face segmentation},
  year      = {2017},
  journal   = {Unpublished},
  publisher = {IEEE}
}

@INPROCEEDINGS{Chong2018finegrained,
  author    = {N. Ruiz, E. Chong and J. M. Rehg},
  title     = {Fine-grained head pose estimation without keypoints},
  booktitle = {2018 IEEE Conference on Computer Vision and Pattern Recognition Workshops, pp. 2074–2083},
  year      = {2018},
  pages = {2074–2083},
  publisher = {IEEE}
}

@article{alnuimi2021facedirection,
  author    = {Arqam M. Al-Nuimi and Ghassan J. Mohammed},
  title     = {Face Direction Estimation based on Mediapipe Landmarks},
  year      = {2021},
  journal   = {Unpublished},
  note      = {Available online}
}

@INPROCEEDINGS{whenet2020,
  author    = {Y. Zhou and J. Gregson},
  title     = {Whenet: Real-time fine-grained estimation for wide range head pose},
  booktitle = {British Machine Vision Conference},
  year      = {2020},
  publisher = {arxiv}
}

@inproceedings{joo2015panoptic,
  author={Joo, Hanbyul and Liu, Hao and Tan, Lei and Gui, Lin and Nabbe, Bart and Matthews, Iain and Kanade, Takeo and Nobuhara, Shohei and Sheikh, Yaser},
  title={Panoptic studio: A massively multiview system for social motion capture},
  booktitle={Proceedings of the IEEE International Conference on Computer Vision},
  pages={3334--3342},
  year={2015}
}

@inproceedings{patel2021agora,
  author={Patel, Priyanka and Huang, Chun-Hao P and Tesch, Joachim and Hoffmann, David T and Tripathi, Shashank and Black, Michael J},
  title={AGORA: Avatars in geography optimized for regression analysis},
  booktitle={Proceedings of the IEEE Conference on Computer Vision and Pattern Recognition},
  pages={13468--13478},
  year={2021}
}

@article{zhou2023directmhp,
  author={Zhou, Huayi and Jiang, Fei and Lu, Hongtao},
  title={DirectMHP: Direct 2D Multi-Person Head Pose Estimation with Full-range Angles},
  journal={arXiv preprint arXiv:2302.01110},
  year={2023}
}

@inproceedings{facealign3d2016,
  author={X. Zhu, Z. Lei and X. Liu, H. Shi and S. Z. Li},
  title={Face alignment across large poses: A 3d solution},
  booktitle={Proceedings of the IEEE Conference on Computer Vision and Pattern Recognition},
  pages={146–155},
  year={2016}
}

@inproceedings{facealign3d2020,
  author={J. Guo, X. Zhu and Y. Yang, F. Yang and Z. Lei, S. Z. Li},
  title={Towards fast, accurate and stable 3d dense face alignment},
  booktitle={European Conference on Computer Vision. Springer},
  pages={152–168},
  year={2020}
}

@inproceedings{facemodel3d2009,
  author={P. Paysan, R. Knothe and B. Amberg, S. Romdhani and T. Vetter},
  title={Towards fast, accurate and stable 3d dense face alignment},
  booktitle={2009 sixth IEEE International Conference on Advanced Video and Signal Based Surveillance},
  pages={296–301},
  year={2009}
}

@article{mediapipernn2022signlanguage,
  author    = {Gerges H. Samaan, Abanoub R. Wadie.},
  title     = {MediaPipe’s Landmarks with RNN for Dynamic Sign Language Recognition},
  year      = {2022},
  journal   = {Unpublished},
  note      = {Available online}
}

@article{mediapipe2019hands,
  author    = {Fan Zhang, Valentin Bazarevsky and Andrey Vakunov.},
  title     = {MediaPipe Hands: On-device Real-time Hand Tracking},
  year      = {2019},
  journal   = { CVPR Workshop on Computer Vision for Augmented and Virtual Reality},
  note      = {Available online}
}

@article{miguel2014multimodal,
  author    = {Miguel Oliveira, Vitor Santos},
  title     = {Multimodal inverse perspective mapping},
  year      = {2014},
  journal   = {Unpublished},
  note      = {Available online}
}

@article{taha2021localization,
  author    = {Taha Hasan Masood Siddique, Yawar Rehman},
  title     = {3D Object Localization Using 2D Estimates for Computer Vision Applications},
  year      = {2021},
  journal   = {Unpublished},
  note      = {Available online}
}

@article{mokhar2021gaussian,
  author    = {Mokhtar Mohammed Hasan, Pramod Kumar Mishra},
  title     = {Features Fitting using Multivariate Gaussian Distribution for Hand Gesture Recognition},
  year      = {2012},
  journal   = {Unpublished},
  note      = {Available online}
}
